<record><leader>00000cas a22000007a 4500</leader><controlfield tag="001">15610461</controlfield><controlfield tag="008">870429d18381838msuwr ne      0    0eng d</controlfield><controlfield tag="009">7298</controlfield><datafield ind1=" " ind2=" " tag="010"><subfield code="a">sn 87065335 </subfield></datafield><datafield ind1=" " ind2=" " tag="040"><subfield code="a">MJA</subfield><subfield code="b">eng</subfield><subfield code="c">MJA</subfield><subfield code="d">MSJ</subfield><subfield code="d">CRL</subfield></datafield><datafield ind1=" " ind2=" " tag="042"><subfield code="a">msc</subfield></datafield><datafield ind1="0" ind2=" " tag="130"><subfield code="a">Lexington standard (Lexington, Miss.)</subfield></datafield><datafield ind1="0" ind2="0" tag="245"><subfield code="a">Lexington standard.</subfield></datafield><datafield ind1=" " ind2=" " tag="260"><subfield code="a">Lexington, Miss. :</subfield><subfield code="b">[C.S. Smith],</subfield><subfield code="c">1838.</subfield></datafield><datafield ind1=" " ind2=" " tag="310"><subfield code="a">Weekly</subfield></datafield><datafield ind1="0" ind2=" " tag="362"><subfield code="a">Vol. 1, no. 13 (Sept. 1, 1838)-v. 1, no. 23 (Nov. 10, 1838).</subfield></datafield><datafield ind1=" " ind2=" " tag="521"><subfield code="a">"Whig."</subfield></datafield><datafield ind1=" " ind2=" " tag="580"><subfield code="a">Continued by: Lexington union. Cf. Gregory, 1937.</subfield></datafield><datafield ind1=" " ind2=" " tag="752"><subfield code="a">United States</subfield><subfield code="b">Mississippi</subfield><subfield code="c">Holmes</subfield><subfield code="d">Lexington.</subfield></datafield><datafield ind1="0" ind2="0" tag="780"><subfield code="t">Lexington standard and Holmes County record</subfield><subfield code="w">(OCoLC)15610395</subfield></datafield><datafield ind1="0" ind2="0" tag="785"><subfield code="t">Lexington union</subfield><subfield code="w">(DLC)sn 87065337</subfield><subfield code="w">(OCoLC)15610515</subfield></datafield></record>